
@article{andre_2019_alpelisib_nengljmeda,
  title = {Alpelisib for {{PIK3CA}}-{{Mutated}}, {{Hormone Receptor}}\textendash{{Positive Advanced Breast Cancer}}},
  author = {Andr{\'e}, Fabrice and Ciruelos, Eva and Rubovszky, Gabor and Campone, Mario and Loibl, Sibylle and Rugo, Hope S. and Iwata, Hiroji and Conte, Pierfranco and Mayer, Ingrid A. and Kaufman, Bella and Yamashita, Toshinari and Lu, Yen-Shen and Inoue, Kenichi and Takahashi, Masato and P{\'a}pai, Zsuzsanna and Longin, Anne-Sophie and Mills, David and Wilke, Celine and Hirawat, Samit and Juric, Dejan},
  year = {2019},
  month = may,
  volume = {380},
  pages = {1929--1940},
  publisher = {{Massachusetts Medical Society}},
  issn = {0028-4793},
  doi = {10.1056/NEJMoa1813904},
  file = {C\:\\Users\\Administrator\\Zotero\\storage\\GRDMJZYJ\\Andrì±•_2019_Alpelisib_for_PIK3CA-Mutated,_Hormone_Receptor