
@article{heInteractionInsulinReceptor1996,
  title = {Interaction of {{Insulin Receptor Substrate}}-2 ({{IRS}}-2) with the {{Insulin}} and {{Insulin}}-like {{Growth Factor I Receptors EVIDENCE FOR TWO DISTINCT PHOSPHOTYROSINE}}-{{DEPENDENT INTERACTION DOMAINS WITHIN IRS}}-2},
  author = {He, Weimin and Craparo, Ann and Zhu, Youyan and O'Neill, Thomas J. and Wang, Ling-Mei and Pierce, Jacalyn H. and Gustafson, Thomas A.},
  year = {1996},
  month = may,
  volume = {271},
  pages = {11641--11645},
  publisher = {{American Society for Biochemistry and Molecular Biology}},
  issn = {0021-9258, 1083-351X},
  doi = {10.1074/jbc.271.20.11641},
  file = {C\:\\Users\\cmc\\Zotero\\storage\\FVKTKGW7\\He 등 - 1996 - Interaction of Insulin Receptor Substrate-2 (IRS-2.pdf;C\:\\Users\\cmc\\Zotero\\storage\\UBLWTIH4\\11641.html},
  journal = {J. Biol. Chem.},
  language = {en},
  number = {20},
  pmid = {8662806}
}

@article{leroithInsulinlikeGrowthFactor2003,
  title = {The Insulin-like Growth Factor System and Cancer},
  author = {LeRoith, Derek and Roberts, Charles T.},
  year = {2003},
  month = jun,
  volume = {195},
  pages = {127--137},
  issn = {0304-3835},
  doi = {10.1016/S0304-3835(03)00159-9},
  file = {C\:\\Users\\cmc\\Zotero\\storage\\W9GXHXCH\\LeRoith 그리고 Roberts - 2003 - The insulin-like growth factor system and cancer.pdf;C\:\\Users\\cmc\\Zotero\\storage\\44MBQJFV\\S0304383503001599.html},
  journal = {Cancer Letters},
  keywords = {Cancer,Insulin receptor,Insulin-like growth factor},
  language = {en},
  number = {2}
}


