
@misc{__kegg_,
  title = {{{KEGG PATHWAY}}: {{EGFR}} Tyrosine Kinase Inhibitor Resistance - {{Reference}} Pathway},
  file = {C\:\\Users\\Administrator\\Zotero\\storage\\BWDX6PYF\\highlight_pathway.html},
  howpublished = {https://www.kegg.jp/kegg-bin/highlight\_pathway?scale=1.0\&map=map01521\&keyword=PTEN}
}

@misc{__kegg_a,
  title = {{{KEGG PATHWAY}}: {{Breast}} Cancer - {{Reference}} Pathway},
  file = {C\:\\Users\\Administrator\\Zotero\\storage\\GSKZV74J\\highlight_pathway.html},
  howpublished = {https://www.kegg.jp/kegg-bin/highlight\_pathway?scale=1.0\&map=map05224\&keyword=PTEN}
}

@article{andre_2019_alpelisib_nengljmeda,
  title = {Alpelisib for {{PIK3CA}}-{{Mutated}}, {{Hormone Receptor}}\textendash{{Positive Advanced Breast Cancer}}},
  author = {Andr{\'e}, Fabrice and Ciruelos, Eva and Rubovszky, Gabor and Campone, Mario and Loibl, Sibylle and Rugo, Hope S. and Iwata, Hiroji and Conte, Pierfranco and Mayer, Ingrid A. and Kaufman, Bella and Yamashita, Toshinari and Lu, Yen-Shen and Inoue, Kenichi and Takahashi, Masato and P{\'a}pai, Zsuzsanna and Longin, Anne-Sophie and Mills, David and Wilke, Celine and Hirawat, Samit and Juric, Dejan},
  year = {2019},
  month = may,
  volume = {380},
  pages = {1929--1940},
  publisher = {{Massachusetts Medical Society}},
  issn = {0028-4793},
  doi = {10.1056/NEJMoa1813904},
  file = {C\:\\Users\\Administrator\\Zotero\\storage\\GRDMJZYJ\\André_2019_Alpelisib_for_PIK3CA-Mutated,_Hormone_Receptor–Positive_Advanced_Breast_Cancer.pdf;C\:\\Users\\Administrator\\Zotero\\storage\\3K5URY2S\\nejmoa1813904.html},
  journal = {New England Journal of Medicine},
  note = {\_eprint: https://doi.org/10.1056/NEJMoa1813904},
  number = {20},
  pmid = {31091374}
}

@article{cacheux_2019_interaction_intjcancer,
  title = {Interaction between {{IGF2}}-{{PI3K}} Axis and Cancer-Associated-Fibroblasts Promotes Anal Squamous Carcinogenesis},
  author = {Cacheux, Wulfran and Li{\`e}vre, Astrid and Richon, Sophie and Vacher, Sophie and Alam, Elsy El and Briaux, Adrien and Botty, Rania El and Mariani, Pascale and Buecher, Bruno and Schnitzler, Anne and Barbazan, Jorge and Roman-Roman, Sergio and Bi{\`e}che, Ivan and Dangles-Marie, Virginie},
  year = {2019},
  volume = {145},
  pages = {1852--1859},
  issn = {1097-0215},
  doi = {10.1002/ijc.32178},
  copyright = {\textcopyright{} 2019 UICC},
  file = {C\:\\Users\\Administrator\\Zotero\\storage\\TI64LICK\\Cacheux_2019_Interaction_between_IGF2-PI3K_axis_and_cancer-associated-fibroblasts_promotes.pdf;C\:\\Users\\Administrator\\Zotero\\storage\\GQB3MDXA\\ijc.html},
  journal = {International Journal of Cancer},
  keywords = {anal cancer,cancer-associated fibroblast,IGF2,PDGFRB,PI3K},
  language = {en},
  note = {\_eprint: https://onlinelibrary.wiley.com/doi/pdf/10.1002/ijc.32178},
  number = {7}
}

@article{cizkova_2010_gene_plosone,
  title = {Gene {{Expression Profiling Reveals New Aspects}} of {{PIK3CA Mutation}} in {{ERalpha}}-{{Positive Breast Cancer}}: {{Major Implication}} of the {{Wnt Signaling Pathway}}},
  shorttitle = {Gene {{Expression Profiling Reveals New Aspects}} of {{PIK3CA Mutation}} in {{ERalpha}}-{{Positive Breast Cancer}}},
  author = {Cizkova, Magdalena and {Cizeron-Clairac}, G{\'e}raldine and Vacher, Sophie and Susini, Aur{\'e}lie and Andrieu, Catherine and Lidereau, Rosette and Bi{\`e}che, Ivan},
  year = {2010. 12. 30},
  volume = {5},
  pages = {e15647},
  publisher = {{Public Library of Science}},
  issn = {1932-6203},
  doi = {10.1371/journal.pone.0015647},
  file = {C\:\\Users\\Administrator\\Zotero\\storage\\NUK4HGJP\\Cizkova_2010_Gene_Expression_Profiling_Reveals_New_Aspects_of_PIK3CA_Mutation_in.pdf;C\:\\Users\\Administrator\\Zotero\\storage\\XP99N6SG\\article.html},
  journal = {PLOS ONE},
  keywords = {Breast cancer,Breast tumors,Gene expression,Gene regulation,Microarrays,Mutation,Reverse transcriptase-polymerase chain reaction,Wnt signaling cascade},
  language = {en},
  number = {12}
}

@inproceedings{davis_2006_relationship_proc23rdintconfmachlearn,
  title = {The Relationship between {{Precision}}-{{Recall}} and {{ROC}} Curves},
  booktitle = {Proceedings of the 23rd International Conference on {{Machine}} Learning},
  author = {Davis, Jesse and Goadrich, Mark},
  year = {2006},
  month = jun,
  pages = {233--240},
  publisher = {{Association for Computing Machinery}},
  address = {{Pittsburgh, Pennsylvania, USA}},
  doi = {10.1145/1143844.1143874},
  file = {C\:\\Users\\Administrator\\Zotero\\storage\\JYTUB6GD\\Davis_Goadrich_2006_The_relationship_between_Precision-Recall_and_ROC_curves.pdf},
  isbn = {978-1-59593-383-6},
  series = {{{ICML}} '06}
}

@article{merino_2017_inhibitors_moloncol,
  title = {Inhibitors of {{STAT3}}, {$\beta$}-Catenin, and {{IGF}}-{{1R}} Sensitize Mouse {{PIK3CA}}-Mutant Breast Cancer to {{PI3K}} Inhibitors},
  author = {Merino, Vanessa F. and Cho, Soonweng and Liang, Xiaohui and Park, Sunju and Jin, Kideok and Chen, Qian and Pan, Duojia and Zahnow, Cynthia A. and Rein, Alan R. and Sukumar, Saraswati},
  year = {2017},
  volume = {11},
  pages = {552--566},
  issn = {1878-0261},
  doi = {10.1002/1878-0261.12053},
  copyright = {\textcopyright{} 2017 The Authors. Published by FEBS Press and John Wiley \& Sons Ltd.},
  file = {C\:\\Users\\Administrator\\Zotero\\storage\\243DY45W\\Merino_2017_Inhibitors_of_STAT3,_β-catenin,_and_IGF-1R_sensitize_mouse_PIK3CA-mutant_breast.pdf;C\:\\Users\\Administrator\\Zotero\\storage\\U2KJSFGF\\1878-0261.html},
  journal = {Molecular Oncology},
  keywords = {breast,IGF,mutation,PIK3CA,STAT3},
  language = {en},
  note = {\_eprint: https://febs.onlinelibrary.wiley.com/doi/pdf/10.1002/1878-0261.12053},
  number = {5}
}

@article{osmanbeyoglu_2017_pancancer_natcommun,
  title = {Pancancer Modelling Predicts the Context-Specific Impact of Somatic Mutations on Transcriptional Programs},
  author = {Osmanbeyoglu, Hatice U. and Toska, Eneda and Chan, Carmen and Baselga, Jos{\'e} and Leslie, Christina S.},
  year = {2017},
  volume = {8},
  pages = {1--14},
  publisher = {{Nature Publishing Group}},
  journal = {Nature communications},
  number = {1}
}

@article{qin_2018_expressed_scirep,
  title = {Expressed {{HNSCC}} Variants by {{HPV}}-Status in a Well-Characterized {{Michigan}} Cohort},
  author = {Qin, Tingting and Zhang, Yanxiao and Zarins, Katie R. and Jones, Tamara R. and Virani, Shama and Peterson, Lisa A. and McHugh, Jonathan B. and Chepeha, Douglas and Wolf, Gregory T. and Rozek, Laura S. and Sartor, Maureen A.},
  year = {2018},
  month = jul,
  volume = {8},
  pages = {1--11},
  publisher = {{Nature Publishing Group}},
  issn = {2045-2322},
  doi = {10.1038/s41598-018-29599-w},
  copyright = {2018 The Author(s)},
  file = {C\:\\Users\\Administrator\\Zotero\\storage\\4A4QCUX7\\Qin_2018_Expressed_HNSCC_variants_by_HPV-status_in_a_well-characterized_Michigan_cohort.pdf;C\:\\Users\\Administrator\\Zotero\\storage\\IA6N2YIR\\s41598-018-29599-w.html},
  journal = {Scientific Reports},
  language = {en},
  number = {1}
}

@article{saal_2015_sweden_genomemedicine,
  title = {The {{Sweden Cancerome Analysis Network}} - {{Breast}} ({{SCAN}}-{{B}}) {{Initiative}}: A Large-Scale Multicenter Infrastructure towards Implementation of Breast Cancer Genomic Analyses in the Clinical Routine},
  shorttitle = {The {{Sweden Cancerome Analysis Network}} - {{Breast}} ({{SCAN}}-{{B}}) {{Initiative}}},
  author = {Saal, Lao H. and {Vallon-Christersson}, Johan and H{\"a}kkinen, Jari and Hegardt, Cecilia and Grabau, Dorthe and Winter, Christof and Brueffer, Christian and Tang, Man-Hung Eric and Reutersw{\"a}rd, Christel and Schulz, Ralph and Karlsson, Anna and Ehinger, Anna and Malina, Janne and Manjer, Jonas and Malmberg, Martin and Larsson, Christer and Ryd{\'e}n, Lisa and Loman, Niklas and Borg, {\AA}ke},
  year = {2015},
  month = feb,
  volume = {7},
  pages = {20},
  issn = {1756-994X},
  doi = {10.1186/s13073-015-0131-9},
  file = {C\:\\Users\\Administrator\\Zotero\\storage\\DI6ZCPTB\\Saal_2015_The_Sweden_Cancerome_Analysis_Network_-_Breast_(SCAN-B)_Initiative_-_a.pdf;C\:\\Users\\Administrator\\Zotero\\storage\\SXTHY4NJ\\s13073-015-0131-9.html},
  journal = {Genome Medicine},
  number = {1}
}

@article{salvesen_2009_integrated_pnas,
  title = {Integrated Genomic Profiling of Endometrial Carcinoma Associates Aggressive Tumors with Indicators of {{PI3}} Kinase Activation},
  author = {Salvesen, H. B. and Carter, S. L. and Mannelqvist, M. and Dutt, A. and Getz, G. and Stefansson, I. M. and Raeder, M. B. and Sos, M. L. and Engelsen, I. B. and Trovik, J. and Wik, E. and Greulich, H. and B{\o}, T. H. and Jonassen, I. and Thomas, R. K. and Zander, T. and Garraway, L. A. and {\O}yan, A. M. and Sellers, W. R. and Kalland, K. H. and Meyerson, M. and Akslen, L. A. and Beroukhim, R.},
  year = {2009},
  month = mar,
  volume = {106},
  pages = {4834--4839},
  publisher = {{National Academy of Sciences}},
  issn = {0027-8424, 1091-6490},
  doi = {10.1073/pnas.0806514106},
  chapter = {Biological Sciences},
  copyright = {\textcopyright{} 2009},
  file = {C\:\\Users\\Administrator\\Zotero\\storage\\3FDU5KKB\\Salvesen_2009_Integrated_genomic_profiling_of_endometrial_carcinoma_associates_aggressive.pdf;C\:\\Users\\Administrator\\Zotero\\storage\\YXMSM7XW\\4834.html},
  journal = {PNAS},
  keywords = {amplification,comparative genomic hybridization,endometrial cancer,prognosis,stathmin expression},
  language = {en},
  number = {12},
  pmid = {19261849}
}

@article{wang_2018_cancer_plosone,
  title = {Cancer Driver Mutation Prediction through {{Bayesian}} Integration of Multi-Omic Data},
  author = {Wang, Zixing and Ng, Kwok-Shing and Chen, Tenghui and Kim, Tae-Beom and Wang, Fang and Shaw, Kenna and Scott, Kenneth L. and {Meric-Bernstam}, Funda and Mills, Gordon B. and Chen, Ken},
  year = {2018. 5. 8},
  volume = {13},
  pages = {e0196939},
  publisher = {{Public Library of Science}},
  issn = {1932-6203},
  doi = {10.1371/journal.pone.0196939},
  file = {C\:\\Users\\Administrator\\Zotero\\storage\\VHH3JTGW\\Wang_2018_Cancer_driver_mutation_prediction_through_Bayesian_integration_of_multi-omic.pdf;C\:\\Users\\Administrator\\Zotero\\storage\\5KYCF24I\\article.html},
  journal = {PLOS ONE},
  keywords = {Cancer genomics,Gene expression,Gene prediction,Genetic causes of cancer,Mutation,Mutation databases,Mutation detection,Somatic mutation},
  language = {en},
  number = {5}
}

@article{way_2018_machine_cellreports,
  title = {Machine {{Learning Detects Pan}}-Cancer {{Ras Pathway Activation}} in {{The Cancer Genome Atlas}}},
  author = {Way, Gregory P. and {Sanchez-Vega}, Francisco and La, Konnor and Armenia, Joshua and Chatila, Walid K. and Luna, Augustin and Sander, Chris and Cherniack, Andrew D. and Mina, Marco and Ciriello, Giovanni and Schultz, Nikolaus and {Caesar-Johnson}, Samantha J. and Demchok, John A. and Felau, Ina and Kasapi, Melpomeni and Ferguson, Martin L. and Hutter, Carolyn M. and Sofia, Heidi J. and Tarnuzzer, Roy and Wang, Zhining and Yang, Liming and Zenklusen, Jean C. and Zhang, Jiashan (Julia) and Chudamani, Sudha and Liu, Yolanda and Greene, Casey S.},
  year = {2018},
  month = apr,
  volume = {23},
  pages = {172-180.e3},
  publisher = {{Elsevier}},
  issn = {2211-1247},
  doi = {10.1016/j.celrep.2018.03.046},
  file = {C\:\\Users\\Administrator\\Zotero\\storage\\GUS55PNM\\Way_2018_Machine_Learning_Detects_Pan-cancer_Ras_Pathway_Activation_in_The_Cancer_Genome.pdf;C\:\\Users\\Administrator\\Zotero\\storage\\J58D7QV6\\S2211-1247(18)30389-9.html},
  journal = {Cell Reports},
  keywords = {drug sensitivity,Gene expression,HRAS,KRAS,machine learning,NF1,NRAS,pan-cancer,Ras,TCGA},
  language = {English},
  number = {1},
  pmid = {29617658}
}

@article{zhang_2016_subtypes_clincancerres,
  title = {Subtypes of {{HPV}}-{{Positive Head}} and {{Neck Cancers Are Associated}} with {{HPV Characteristics}}, {{Copy Number Alterations}}, {{PIK3CA Mutation}}, and {{Pathway Signatures}}},
  author = {Zhang, Yanxiao and Koneva, Lada A. and Virani, Shama and Arthur, Anna E. and Virani, Alisha and Hall, Pelle B. and Warden, Charles D. and Carey, Thomas E. and Chepeha, Douglas B. and Prince, Mark E. and McHugh, Jonathan B. and Wolf, Gregory T. and Rozek, Laura S. and Sartor, Maureen A.},
  year = {2016},
  month = sep,
  volume = {22},
  pages = {4735--4745},
  publisher = {{American Association for Cancer Research}},
  issn = {1078-0432, 1557-3265},
  doi = {10.1158/1078-0432.CCR-16-0323},
  chapter = {Biology of Human Tumors},
  copyright = {\textcopyright{}2016 American Association for Cancer Research.},
  file = {C\:\\Users\\Administrator\\Zotero\\storage\\Q4XCW975\\Zhang_2016_Subtypes_of_HPV-Positive_Head_and_Neck_Cancers_Are_Associated_with_HPV.pdf;C\:\\Users\\Administrator\\Zotero\\storage\\36K738XX\\4735.html},
  journal = {Clin Cancer Res},
  language = {en},
  number = {18},
  pmid = {27091409}
}


@Book{kuhnTidymodelsEasilyInstall2020,
  title = {Tidymodels: {{Easily}} Install and Load the 'tidymodels' Packages},
  author = {Max Kuhn and Hadley Wickham},
  year = {2020},
}
@Book{jacobsenCgdsrRbasedAPI2019,
  title = {Cgdsr: {{R}}-Based {{API}} for Accessing the {{MSKCC}} Cancer Genomics Data Server ({{CGDS}})},
  author = {Anders Jacobsen and Augustin Luna},
  year = {2019},
}
@Article{samurRTCGAToolboxNewTool2014,
  title = {{{RTCGAToolbox}}: A New Tool for Exporting {{TCGA Firehose}} Data},
  author = {Mehmet Kemal Samur},
  year = {2014},
  volume = {9(9):e106397},
  journal = {PLoS One},
}
@Book{kuhnRecipesPreprocessingTools2020,
  title = {Recipes: {{Preprocessing}} Tools to Create Design Matrices},
  author = {Max Kuhn and Hadley Wickham},
  year = {2020},
}
