
@article{andreAlpelisibPIK3CAMutatedHormone2019,
  title = {Alpelisib for {{PIK3CA}}-{{Mutated}}, {{Hormone Receptor}}\textendash{{Positive Advanced Breast Cancer}}},
  author = {Andr{\'e}, Fabrice and Ciruelos, Eva and Rubovszky, Gabor and Campone, Mario and Loibl, Sibylle and Rugo, Hope S. and Iwata, Hiroji and Conte, Pierfranco and Mayer, Ingrid A. and Kaufman, Bella and Yamashita, Toshinari and Lu, Yen-Shen and Inoue, Kenichi and Takahashi, Masato and P{\'a}pai, Zsuzsanna and Longin, Anne-Sophie and Mills, David and Wilke, Celine and Hirawat, Samit and Juric, Dejan},
  year = {2019},
  month = may,
  volume = {380},
  pages = {1929--1940},
  publisher = {{Massachusetts Medical Society}},
  issn = {0028-4793},
  doi = {10.1056/NEJMoa1813904},
  file = {C\:\\Users\\cmc\\Zotero\\storage\\GRDMJZYJ\\André_2019_Alpelisib_for_PIK3CA-Mutated,_Hormone_Receptor–Positive_Advanced_Breast_Cancer.pdf;C\:\\Users\\cmc\\Zotero\\storage\\3K5URY2S\\nejmoa1813904.html},
  journal = {New England Journal of Medicine},
  note = {\_eprint: https://doi.org/10.1056/NEJMoa1813904},
  number = {20},
  pmid = {31091374}
}

@article{baileyComprehensiveCharacterizationCancer2018,
  title = {Comprehensive {{Characterization}} of {{Cancer Driver Genes}} and {{Mutations}}},
  author = {Bailey, Matthew H. and Tokheim, Collin and {Porta-Pardo}, Eduard and Sengupta, Sohini and Bertrand},
  year = {2018},
  month = apr,
  volume = {173},
  pages = {371-385.e18},
  issn = {0092-8674},
  doi = {10.1016/j.cell.2018.02.060},
  file = {C\:\\Users\\cmc\\Zotero\\storage\\46NRVVQZ\\Bailey 등 - 2018 - Comprehensive Characterization of Cancer Driver Ge.pdf;C\:\\Users\\cmc\\Zotero\\storage\\LBLDYPZ5\\S009286741830237X.html},
  journal = {Cell},
  keywords = {driver gene discovery,mutations of clinical relevance,oncology,structure analysis},
  language = {en},
  number = {2}
}

@article{cacheuxInteractionIGF2PI3KAxis2019,
  title = {Interaction between {{IGF2}}-{{PI3K}} Axis and Cancer-Associated-Fibroblasts Promotes Anal Squamous Carcinogenesis},
  author = {Cacheux, Wulfran and Li{\`e}vre, Astrid and Richon, Sophie and Vacher, Sophie and Alam, Elsy El and Briaux, Adrien and Botty, Rania El and Mariani, Pascale and Buecher, Bruno and Schnitzler, Anne and Barbazan, Jorge and Roman-Roman, Sergio and Bi{\`e}che, Ivan and Dangles-Marie, Virginie},
  year = {2019},
  volume = {145},
  pages = {1852--1859},
  issn = {1097-0215},
  doi = {10.1002/ijc.32178},
  copyright = {\textcopyright{} 2019 UICC},
  file = {C\:\\Users\\cmc\\Zotero\\storage\\TI64LICK\\Cacheux_2019_Interaction_between_IGF2-PI3K_axis_and_cancer-associated-fibroblasts_promotes.pdf;C\:\\Users\\cmc\\Zotero\\storage\\GQB3MDXA\\ijc.html},
  journal = {International Journal of Cancer},
  keywords = {anal cancer,cancer-associated fibroblast,IGF2,PDGFRB,PI3K},
  language = {en},
  note = {\_eprint: https://onlinelibrary.wiley.com/doi/pdf/10.1002/ijc.32178},
  number = {7}
}

@article{cantleyPhosphoinositide3KinasePathway2002,
  title = {The {{Phosphoinositide}} 3-{{Kinase Pathway}}},
  author = {Cantley, Lewis C.},
  year = {2002},
  month = may,
  volume = {296},
  pages = {1655--1657},
  publisher = {{American Association for the Advancement of Science}},
  issn = {0036-8075, 1095-9203},
  doi = {10.1126/science.296.5573.1655},
  file = {C\:\\Users\\cmc\\Zotero\\storage\\S3SGZ5G6\\Cantley - 2002 - The Phosphoinositide 3-Kinase Pathway.pdf;C\:\\Users\\cmc\\Zotero\\storage\\CUHPPTLU\\1655.html},
  journal = {Science},
  language = {en},
  number = {5573},
  pmid = {12040186}
}

@article{cizkovaGeneExpressionProfiling2010,
  title = {Gene {{Expression Profiling Reveals New Aspects}} of {{PIK3CA Mutation}} in {{ERalpha}}-{{Positive Breast Cancer}}: {{Major Implication}} of the {{Wnt Signaling Pathway}}},
  shorttitle = {Gene {{Expression Profiling Reveals New Aspects}} of {{PIK3CA Mutation}} in {{ERalpha}}-{{Positive Breast Cancer}}},
  author = {Cizkova, Magdalena and {Cizeron-Clairac}, G{\'e}raldine and Vacher, Sophie and Susini, Aur{\'e}lie and Andrieu, Catherine and Lidereau, Rosette and Bi{\`e}che, Ivan},
  year = {2010. 12. 30},
  volume = {5},
  pages = {e15647},
  publisher = {{Public Library of Science}},
  issn = {1932-6203},
  doi = {10.1371/journal.pone.0015647},
  file = {C\:\\Users\\cmc\\Zotero\\storage\\NUK4HGJP\\Cizkova_2010_Gene_Expression_Profiling_Reveals_New_Aspects_of_PIK3CA_Mutation_in.pdf;C\:\\Users\\cmc\\Zotero\\storage\\XP99N6SG\\article.html},
  journal = {PLOS ONE},
  keywords = {Breast cancer,Breast tumors,Gene expression,Gene regulation,Microarrays,Mutation,Reverse transcriptase-polymerase chain reaction,Wnt signaling cascade},
  language = {en},
  number = {12}
}

@article{coudrayClassificationMutationPrediction2018,
  title = {Classification and Mutation Prediction from Non\textendash{}Small Cell Lung Cancer Histopathology Images Using Deep Learning},
  author = {Coudray, Nicolas and Ocampo, Paolo Santiago and Sakellaropoulos, Theodore and Narula, Navneet and Snuderl, Matija and Feny{\"o}, David and Moreira, Andre L. and Razavian, Narges and Tsirigos, Aristotelis},
  year = {2018},
  month = oct,
  volume = {24},
  pages = {1559--1567},
  publisher = {{Nature Publishing Group}},
  issn = {1546-170X},
  doi = {10.1038/s41591-018-0177-5},
  copyright = {2018 The Author(s), under exclusive licence to Springer Nature America, Inc.},
  file = {C\:\\Users\\cmc\\Zotero\\storage\\AYXXY5D9\\Coudray 등 - 2018 - Classification and mutation prediction from non–sm.pdf},
  journal = {Nature Medicine},
  language = {en},
  number = {10}
}

@inproceedings{davisRelationshipPrecisionRecallROC2006,
  title = {The Relationship between {{Precision}}-{{Recall}} and {{ROC}} Curves},
  booktitle = {Proceedings of the 23rd International Conference on {{Machine}} Learning},
  author = {Davis, Jesse and Goadrich, Mark},
  year = {2006},
  month = jun,
  pages = {233--240},
  publisher = {{Association for Computing Machinery}},
  address = {{Pittsburgh, Pennsylvania, USA}},
  doi = {10.1145/1143844.1143874},
  file = {C\:\\Users\\cmc\\Zotero\\storage\\JYTUB6GD\\Davis_Goadrich_2006_The_relationship_between_Precision-Recall_and_ROC_curves.pdf},
  isbn = {978-1-59593-383-6},
  series = {{{ICML}} '06}
}

@article{dercleIdentificationNonSmall2020,
  title = {Identification of {{Non}}\textendash{{Small Cell Lung Cancer Sensitive}} to {{Systemic Cancer Therapies Using Radiomics}}},
  author = {Dercle, Laurent and Fronheiser, Matthew and Lu, Lin and Du, Shuyan and Hayes, Wendy and Leung, David K. and Roy, Amit and Wilkerson, Julia and Guo, Pingzhen and Fojo, Antonio T. and Schwartz, Lawrence H. and Zhao, Binsheng},
  year = {2020},
  month = may,
  volume = {26},
  pages = {2151--2162},
  publisher = {{American Association for Cancer Research}},
  issn = {1078-0432, 1557-3265},
  doi = {10.1158/1078-0432.CCR-19-2942},
  copyright = {\textcopyright{}2020 American Association for Cancer Research.},
  file = {C\:\\Users\\cmc\\Zotero\\storage\\895YX4NH\\Dercle 등 - 2020 - Identification of Non–Small Cell Lung Cancer Sensi.pdf;C\:\\Users\\cmc\\Zotero\\storage\\6EBX38VE\\2151.html},
  journal = {Clin Cancer Res},
  language = {en},
  number = {9},
  pmid = {32198149}
}

@inproceedings{gengHiddenMarkovModel2008,
  title = {A {{Hidden Markov Model Approach}} for {{Prediction}} of {{Genomic Alterations}} from {{Gene Expression Profiling}}},
  booktitle = {Bioinformatics {{Research}} and {{Applications}}},
  author = {Geng, Huimin and Ali, Hesham H. and Chan, Wing C.},
  editor = {M{\u a}ndoiu, Ion and Sunderraman, Raj and Zelikovsky, Alexander},
  year = {2008},
  pages = {414--425},
  publisher = {{Springer}},
  address = {{Berlin, Heidelberg}},
  doi = {10.1007/978-3-540-79450-9_38},
  isbn = {978-3-540-79450-9},
  keywords = {Comparative Genomic Hybridization (CGH),Gene Expression Profiling (GEP),Genomic Alterations,Hidden Markov Model (HMM)},
  language = {en},
  series = {Lecture {{Notes}} in {{Computer Science}}}
}

@article{heGeneSignaturesAssociated2020,
  title = {Gene Signatures Associated with Genomic Aberrations Predict Prognosis in Neuroblastoma},
  author = {He, Xiaoyan and Qin, Chao and Zhao, Yanding and Zou, Lin and Zhao, Hui and Cheng, Chao},
  year = {2020},
  volume = {40},
  pages = {105--118},
  issn = {2523-3548},
  doi = {10.1002/cac2.12016},
  copyright = {\textcopyright{} 2020 The Authors. Cancer Communications published by John Wiley \& Sons Australia, Ltd. on behalf of Sun Yat-sen University Cancer Center},
  file = {C\:\\Users\\cmc\\Zotero\\storage\\RQQV8HNC\\He 등 - 2020 - Gene signatures associated with genomic aberration.pdf;C\:\\Users\\cmc\\Zotero\\storage\\ESS774YI\\cac2.html},
  journal = {Cancer Communications},
  keywords = {chromosome aberration,gene expression profile,MYCN gene,neuroblastoma,prognosis,survival analysis},
  language = {en},
  note = {\_eprint: https://onlinelibrary.wiley.com/doi/pdf/10.1002/cac2.12016},
  number = {2-3}
}

@article{hoadleyCellofOriginPatternsDominate2018,
  title = {Cell-of-{{Origin Patterns Dominate}} the {{Molecular Classification}} of 10,000 {{Tumors}} from 33 {{Types}} of {{Cancer}}},
  author = {Hoadley, Katherine A. and Yau, Christina and Hinoue, Toshinori and Wolf, Denise M. and Lazar, Alexander J. and Drill, Esther and Shen, Ronglai and Taylor, Alison M. and Cherniack, Andrew D. and Thorsson, V{\'e}steinn and Akbani, Rehan and Bowlby, Reanne and Wong, Christopher K. and Wiznerowicz, Maciej and {Sanchez-Vega}, Francisco and Robertson, A. Gordon and Schneider, Barbara G. and Lawrence, Michael S. and Noushmehr, Houtan and Malta, Tathiane M. and {Caesar-Johnson}, Samantha J. and Demchok, John A. and Felau, Ina and Kasapi},
  year = {2018},
  month = apr,
  volume = {173},
  pages = {291-304.e6},
  publisher = {{Elsevier}},
  issn = {0092-8674, 1097-4172},
  doi = {10.1016/j.cell.2018.03.022},
  file = {C\:\\Users\\cmc\\Zotero\\storage\\8GUVZ5NQ\\Hoadley 등 - 2018 - Cell-of-Origin Patterns Dominate the Molecular Cla.pdf;C\:\\Users\\cmc\\Zotero\\storage\\8SYX85I4\\S0092-8674(18)30302-7.html},
  journal = {Cell},
  language = {English},
  number = {2},
  pmid = {29625048}
}

@article{hoadleyMultiplatformAnalysis122014,
  title = {Multiplatform {{Analysis}} of 12 {{Cancer Types Reveals Molecular Classification}} within and across {{Tissues}} of {{Origin}}},
  author = {Hoadley, Katherine A. and Yau, Christina and Wolf, Denise M. and Cherniack, Andrew D. and Tamborero, David and Ng, Sam and Leiserson, Max D. M. and Niu, Beifang and McLellan, Michael D. and Uzunangelov, Vladislav and Zhang, Jiashan and Kandoth, Cyriac and Akbani, Rehan and Shen, Hui and Omberg, Larsson and Chu, Andy and Margolin, Adam A. and {van't Veer}, Laura J. and {Lopez-Bigas}, Nuria and Laird, Peter W. and Raphael, Benjamin J. and Ding, Li and Robertson, A. Gordon and Byers, Lauren A. and Mills, Gordon B. and Weinstein, John N. and Van Waes, Carter and Chen, Zhong and Collisson, Eric A. and Benz, Christopher C. and Perou, Charles M. and Stuart, Joshua M.},
  year = {2014},
  month = aug,
  volume = {158},
  pages = {929--944},
  issn = {0092-8674},
  doi = {10.1016/j.cell.2014.06.049},
  file = {C\:\\Users\\cmc\\Zotero\\storage\\87DJNTNI\\Hoadley 등 - 2014 - Multiplatform Analysis of 12 Cancer Types Reveals .pdf;C\:\\Users\\cmc\\Zotero\\storage\\LLDZCFT9\\S0092867414008769.html},
  journal = {Cell},
  language = {en},
  number = {4}
}

@article{ikenoueFunctionalAnalysisPIK3CA2005,
  title = {Functional {{Analysis}} of {{PIK3CA Gene Mutations}} in {{Human Colorectal Cancer}}},
  author = {Ikenoue, Tsuneo and Kanai, Fumihiko and Hikiba, Yohko and Obata, Toshiyuki and Tanaka, Yasuo and Imamura, Jun and Ohta, Miki and Jazag, Amarsanaa and Guleng, Bayasi and Tateishi, Keisuke and Asaoka, Yoshinari and Matsumura, Masayuki and Kawabe, Takao and Omata, Masao},
  year = {2005},
  month = jun,
  volume = {65},
  pages = {4562--4567},
  publisher = {{American Association for Cancer Research}},
  issn = {0008-5472, 1538-7445},
  doi = {10.1158/0008-5472.CAN-04-4114},
  copyright = {\textcopyright{}2005 American Association for Cancer Research.},
  file = {C\:\\Users\\cmc\\Zotero\\storage\\KQGVG8AC\\Ikenoue 등 - 2005 - Functional Analysis of PIK3CA Gene Mutations in Hu.pdf;C\:\\Users\\cmc\\Zotero\\storage\\YUPCSWES\\4562.html},
  journal = {Cancer Res},
  language = {en},
  number = {11},
  pmid = {15930273}
}

@article{kalinskyPIK3CAMutationAssociates2009,
  title = {{{PIK3CA Mutation Associates}} with {{Improved Outcome}} in {{Breast Cancer}}},
  author = {Kalinsky, Kevin and Jacks, Lindsay M. and Heguy, Adriana and Patil, Sujata and Drobnjak, Marija and Bhanot, Umeshkumar K. and Hedvat, Cyrus V. and Traina, Tiffany A. and Solit, David and Gerald, William and Moynahan, Mary Ellen},
  year = {2009},
  month = aug,
  volume = {15},
  pages = {5049--5059},
  publisher = {{American Association for Cancer Research}},
  issn = {1078-0432, 1557-3265},
  doi = {10.1158/1078-0432.CCR-09-0632},
  copyright = {\textcopyright{} 2009 American Association for Cancer Research.},
  file = {C\:\\Users\\cmc\\Zotero\\storage\\ZCMFDQW6\\Kalinsky 등 - 2009 - PIK3CA Mutation Associates with Improved Outcome i.pdf;C\:\\Users\\cmc\\Zotero\\storage\\JDBKUFMN\\5049.html},
  journal = {Clin Cancer Res},
  language = {en},
  number = {16},
  pmid = {19671852}
}

@misc{KEGGPATHWAYBreast,
  title = {{{KEGG PATHWAY}}: {{Breast}} Cancer - {{Reference}} Pathway},
  file = {C\:\\Users\\cmc\\Zotero\\storage\\GSKZV74J\\highlight_pathway.html},
  howpublished = {https://www.kegg.jp/kegg-bin/highlight\_pathway?scale=1.0\&map=map05224\&keyword=PTEN}
}

@misc{KEGGPATHWAYEGFR,
  title = {{{KEGG PATHWAY}}: {{EGFR}} Tyrosine Kinase Inhibitor Resistance - {{Reference}} Pathway},
  file = {C\:\\Users\\cmc\\Zotero\\storage\\BWDX6PYF\\highlight_pathway.html},
  howpublished = {https://www.kegg.jp/kegg-bin/highlight\_pathway?scale=1.0\&map=map01521\&keyword=PTEN}
}

@article{koboldtComprehensiveMolecularPortraits2012,
  title = {Comprehensive Molecular Portraits of Human Breast Tumours},
  author = {Koboldt, Daniel C. and Fulton, Robert S. and McLellan, Michael D. and Schmidt, Heather and {Kalicki-Veizer}, Joelle and McMichael, Joshua F. and Fulton},
  year = {2012},
  month = oct,
  volume = {490},
  pages = {61--70},
  publisher = {{Nature Publishing Group}},
  issn = {1476-4687},
  doi = {10.1038/nature11412},
  copyright = {2012 The Author(s)},
  file = {C\:\\Users\\cmc\\Zotero\\storage\\KECSG76Y\\Koboldt 등 - 2012 - Comprehensive molecular portraits of human breast .pdf;C\:\\Users\\cmc\\Zotero\\storage\\7ZY9UVJU\\nature11412.html},
  journal = {Nature},
  language = {en},
  number = {7418}
}

@article{liPutativeBiomarkersPredicting2019,
  title = {Putative Biomarkers for Predicting Tumor Sample Purity Based on Gene Expression Data},
  author = {Li, Yuanyuan and Umbach, David M. and Bingham, Adrienna and Li, Qi-Jing and Zhuang, Yuan and Li, Leping},
  year = {2019},
  month = dec,
  volume = {20},
  pages = {1021},
  issn = {1471-2164},
  doi = {10.1186/s12864-019-6412-8},
  file = {C\:\\Users\\cmc\\Zotero\\storage\\F7WHEF4N\\Li 등 - 2019 - Putative biomarkers for predicting tumor sample pu.pdf;C\:\\Users\\cmc\\Zotero\\storage\\GDIADR3S\\s12864-019-6412-8.html},
  journal = {BMC Genomics},
  number = {1}
}

@article{loiPIK3CAGenotypePIK3CA2013,
  title = {{{PIK3CA Genotype}} and a {{PIK3CA Mutation}}-{{Related Gene Signature}} and {{Response}} to {{Everolimus}} and {{Letrozole}} in {{Estrogen Receptor Positive Breast Cancer}}},
  author = {Loi, Sherene and Michiels, Stefan and Baselga, Jose and Bartlett, John M. S. and Singhal, Sandeep K. and Sabine, Vicky S. and Sims, Andrew H. and Sahmoud, Tarek and Dixon, J. Michael and Piccart, Martine J. and Sotiriou, Christos},
  year = {2013},
  month = jan,
  volume = {8},
  issn = {1932-6203},
  doi = {10.1371/journal.pone.0053292},
  file = {C\:\\Users\\cmc\\Zotero\\storage\\6IWKCI49\\Loi 등 - 2013 - PIK3CA Genotype and a PIK3CA Mutation-Related Gene.pdf},
  journal = {PLoS One},
  number = {1},
  pmcid = {PMC3534682},
  pmid = {23301057}
}

@article{loiPIK3CAMutationsAssociated2010,
  title = {{{PIK3CA}} Mutations Associated with Gene Signature of Low {{mTORC1}} Signaling and Better Outcomes in Estrogen Receptor\textendash{}Positive Breast Cancer},
  author = {Loi, Sherene and {Haibe-Kains}, Benjamin and Majjaj, Samira and Lallemand, Francoise and Durbecq, Virginie and Larsimont, Denis and {Gonzalez-Angulo}, Ana M. and Pusztai, Lajos and Symmans, W. Fraser and Bardelli, Alberto and Ellis, Paul and Tutt, Andrew N. J. and Gillett, Cheryl E. and Hennessy, Bryan T. and Mills, Gordon B. and Phillips, Wayne A. and Piccart, Martine J. and Speed, Terence P. and McArthur, Grant A. and Sotiriou, Christos},
  year = {2010},
  month = jun,
  volume = {107},
  pages = {10208--10213},
  publisher = {{National Academy of Sciences}},
  issn = {0027-8424, 1091-6490},
  doi = {10.1073/pnas.0907011107},
  copyright = {\textcopyright{}  . Freely available online through the PNAS open access option.},
  file = {C\:\\Users\\cmc\\Zotero\\storage\\T3L737T2\\Loi 등 - 2010 - PIK3CA mutations associated with gene signature of.pdf;C\:\\Users\\cmc\\Zotero\\storage\\EX4WBNKK\\10208.html},
  journal = {PNAS},
  keywords = {gene expression profiling,PI3 kinase},
  language = {en},
  number = {22},
  pmid = {20479250}
}

@article{merinoInhibitorsSTAT3Vcatenin2017,
  title = {Inhibitors of {{STAT3}}, {$\beta$}-Catenin, and {{IGF}}-{{1R}} Sensitize Mouse {{PIK3CA}}-Mutant Breast Cancer to {{PI3K}} Inhibitors},
  author = {Merino, Vanessa F. and Cho, Soonweng and Liang, Xiaohui and Park, Sunju and Jin, Kideok and Chen, Qian and Pan, Duojia and Zahnow, Cynthia A. and Rein, Alan R. and Sukumar, Saraswati},
  year = {2017},
  volume = {11},
  pages = {552--566},
  issn = {1878-0261},
  doi = {10.1002/1878-0261.12053},
  copyright = {\textcopyright{} 2017 The Authors. Published by FEBS Press and John Wiley \& Sons Ltd.},
  file = {C\:\\Users\\cmc\\Zotero\\storage\\243DY45W\\Merino_2017_Inhibitors_of_STAT3,_β-catenin,_and_IGF-1R_sensitize_mouse_PIK3CA-mutant_breast.pdf;C\:\\Users\\cmc\\Zotero\\storage\\U2KJSFGF\\1878-0261.html},
  journal = {Molecular Oncology},
  keywords = {breast,IGF,mutation,PIK3CA,STAT3},
  language = {en},
  note = {\_eprint: https://febs.onlinelibrary.wiley.com/doi/pdf/10.1002/1878-0261.12053},
  number = {5}
}

@article{moseleOutcomeMolecularLandscape2020,
  title = {Outcome and Molecular Landscape of Patients with {{PIK3CA}}-Mutated Metastatic Breast Cancer},
  author = {Mosele, F. and Stefanovska, B. and Lusque, A. and Dien, A. Tran and Garberis, I. and Droin, N. and Tourneau, C. Le and Sablin, M.-P. and Lacroix, L. and Enrico, D. and Miran, I. and Jovelet, C. and Bi{\`e}che, I. and Soria, J.-C. and Bertucci, F. and Bonnefoi, H. and Campone, M. and Dalenc, F. and Bachelot, T. and Jacquet, A. and Jimenez, M. and Andr{\'e}, F.},
  year = {2020},
  month = mar,
  volume = {31},
  pages = {377--386},
  publisher = {{Elsevier}},
  issn = {0923-7534, 1569-8041},
  doi = {10.1016/j.annonc.2019.11.006},
  file = {C\:\\Users\\cmc\\Zotero\\storage\\LLX5VK8C\\Mosele 등 - 2020 - Outcome and molecular landscape of patients with P.pdf;C\:\\Users\\cmc\\Zotero\\storage\\X4UBNEWC\\fulltext.html},
  journal = {Annals of Oncology},
  language = {English},
  number = {3},
  pmid = {32067679}
}

@article{muCNAPEMachineLearning2019,
  title = {{{CNAPE}}: {{A Machine Learning Method}} for {{Copy Number Alteration Prediction}} from {{Gene Expression}}},
  shorttitle = {{{CNAPE}}},
  author = {Mu, Quanhua and Wang, Jiguang},
  year = {2019},
  pages = {1--1},
  issn = {1557-9964},
  doi = {10.1109/TCBB.2019.2944827},
  file = {C\:\\Users\\cmc\\Zotero\\storage\\5A96EEK3\\Mu 그리고 Wang - 2019 - CNAPE A Machine Learning Method for Copy Number A.pdf;C\:\\Users\\cmc\\Zotero\\storage\\ZQT2LBYG\\8854155.html},
  journal = {IEEE/ACM Transactions on Computational Biology and Bioinformatics},
  keywords = {bioinformatics,Bioinformatics,Biological cells,cancer,Cancer,Copy number alteration,DNA,gene expression,Gene expression,Genomics,machine learning,Predictive models}
}

@article{osmanbeyogluPancancerModellingPredicts2017,
  title = {Pancancer Modelling Predicts the Context-Specific Impact of Somatic Mutations on Transcriptional Programs},
  author = {Osmanbeyoglu, Hatice U. and Toska, Eneda and Chan, Carmen and Baselga, Jos{\'e} and Leslie, Christina S.},
  year = {2017},
  volume = {8},
  pages = {1--14},
  publisher = {{Nature Publishing Group}},
  journal = {Nature communications},
  number = {1}
}

@article{qinExpressedHNSCCVariants2018,
  title = {Expressed {{HNSCC}} Variants by {{HPV}}-Status in a Well-Characterized {{Michigan}} Cohort},
  author = {Qin, Tingting and Zhang, Yanxiao and Zarins, Katie R. and Jones, Tamara R. and Virani, Shama and Peterson, Lisa A. and McHugh, Jonathan B. and Chepeha, Douglas and Wolf, Gregory T. and Rozek, Laura S. and Sartor, Maureen A.},
  year = {2018},
  month = jul,
  volume = {8},
  pages = {1--11},
  publisher = {{Nature Publishing Group}},
  issn = {2045-2322},
  doi = {10.1038/s41598-018-29599-w},
  copyright = {2018 The Author(s)},
  file = {C\:\\Users\\cmc\\Zotero\\storage\\4A4QCUX7\\Qin_2018_Expressed_HNSCC_variants_by_HPV-status_in_a_well-characterized_Michigan_cohort.pdf;C\:\\Users\\cmc\\Zotero\\storage\\IA6N2YIR\\s41598-018-29599-w.html},
  journal = {Scientific Reports},
  language = {en},
  number = {1}
}

@article{saalSwedenCanceromeAnalysis2015,
  title = {The {{Sweden Cancerome Analysis Network}} - {{Breast}} ({{SCAN}}-{{B}}) {{Initiative}}: A Large-Scale Multicenter Infrastructure towards Implementation of Breast Cancer Genomic Analyses in the Clinical Routine},
  shorttitle = {The {{Sweden Cancerome Analysis Network}} - {{Breast}} ({{SCAN}}-{{B}}) {{Initiative}}},
  author = {Saal, Lao H. and {Vallon-Christersson}, Johan and H{\"a}kkinen, Jari and Hegardt, Cecilia and Grabau, Dorthe and Winter, Christof and Brueffer, Christian and Tang, Man-Hung Eric and Reutersw{\"a}rd, Christel and Schulz, Ralph and Karlsson, Anna and Ehinger, Anna and Malina, Janne and Manjer, Jonas and Malmberg, Martin and Larsson, Christer and Ryd{\'e}n, Lisa and Loman, Niklas and Borg, {\AA}ke},
  year = {2015},
  month = feb,
  volume = {7},
  pages = {20},
  issn = {1756-994X},
  doi = {10.1186/s13073-015-0131-9},
  file = {C\:\\Users\\cmc\\Zotero\\storage\\DI6ZCPTB\\Saal_2015_The_Sweden_Cancerome_Analysis_Network_-_Breast_(SCAN-B)_Initiative_-_a.pdf;C\:\\Users\\cmc\\Zotero\\storage\\SXTHY4NJ\\s13073-015-0131-9.html},
  journal = {Genome Medicine},
  number = {1}
}

@article{saitoPrecisionRecallPlotMore2015,
  title = {The {{Precision}}-{{Recall Plot Is More Informative}} than the {{ROC Plot When Evaluating Binary Classifiers}} on {{Imbalanced Datasets}}},
  author = {Saito, Takaya and Rehmsmeier, Marc},
  year = {2015. 3. 4},
  volume = {10},
  pages = {e0118432},
  publisher = {{Public Library of Science}},
  issn = {1932-6203},
  doi = {10.1371/journal.pone.0118432},
  file = {C\:\\Users\\cmc\\Zotero\\storage\\JIQDWIVW\\Saito 그리고 Rehmsmeier - 2015 - The Precision-Recall Plot Is More Informative than.pdf;C\:\\Users\\cmc\\Zotero\\storage\\BNNNUERI\\article.html},
  journal = {PLOS ONE},
  keywords = {Bioinformatics,Caenorhabditis elegans,Exponential functions,Genome analysis,Genome-wide association studies,Interpolation,MicroRNAs,Support vector machines},
  language = {en},
  number = {3}
}

@article{salvesenIntegratedGenomicProfiling2009,
  title = {Integrated Genomic Profiling of Endometrial Carcinoma Associates Aggressive Tumors with Indicators of {{PI3}} Kinase Activation},
  author = {Salvesen, H. B. and Carter, S. L. and Mannelqvist, M. and Dutt, A. and Getz, G. and Stefansson, I. M. and Raeder, M. B. and Sos, M. L. and Engelsen, I. B. and Trovik, J. and Wik, E. and Greulich, H. and B{\o}, T. H. and Jonassen, I. and Thomas, R. K. and Zander, T. and Garraway, L. A. and {\O}yan, A. M. and Sellers, W. R. and Kalland, K. H. and Meyerson, M. and Akslen, L. A. and Beroukhim, R.},
  year = {2009},
  month = mar,
  volume = {106},
  pages = {4834--4839},
  publisher = {{National Academy of Sciences}},
  issn = {0027-8424, 1091-6490},
  doi = {10.1073/pnas.0806514106},
  copyright = {\textcopyright{} 2009},
  file = {C\:\\Users\\cmc\\Zotero\\storage\\3FDU5KKB\\Salvesen_2009_Integrated_genomic_profiling_of_endometrial_carcinoma_associates_aggressive.pdf;C\:\\Users\\cmc\\Zotero\\storage\\YXMSM7XW\\4834.html},
  journal = {PNAS},
  keywords = {amplification,comparative genomic hybridization,endometrial cancer,prognosis,stathmin expression},
  language = {en},
  number = {12},
  pmid = {19261849}
}

@article{wangCancerDriverMutation2018,
  title = {Cancer Driver Mutation Prediction through {{Bayesian}} Integration of Multi-Omic Data},
  author = {Wang, Zixing and Ng, Kwok-Shing and Chen, Tenghui and Kim, Tae-Beom and Wang, Fang and Shaw, Kenna and Scott, Kenneth L. and {Meric-Bernstam}, Funda and Mills, Gordon B. and Chen, Ken},
  year = {2018. 5. 8},
  volume = {13},
  pages = {e0196939},
  publisher = {{Public Library of Science}},
  issn = {1932-6203},
  doi = {10.1371/journal.pone.0196939},
  file = {C\:\\Users\\cmc\\Zotero\\storage\\VHH3JTGW\\Wang_2018_Cancer_driver_mutation_prediction_through_Bayesian_integration_of_multi-omic.pdf;C\:\\Users\\cmc\\Zotero\\storage\\5KYCF24I\\article.html},
  journal = {PLOS ONE},
  keywords = {Cancer genomics,Gene expression,Gene prediction,Genetic causes of cancer,Mutation,Mutation databases,Mutation detection,Somatic mutation},
  language = {en},
  number = {5}
}

@article{wayMachineLearningDetects2018,
  title = {Machine {{Learning Detects Pan}}-Cancer {{Ras Pathway Activation}} in {{The Cancer Genome Atlas}}},
  author = {Way, Gregory P. and {Sanchez-Vega}, Francisco and La, Konnor and Armenia, Joshua and Chatila, Walid K. and Luna, Augustin and Sander, Chris and Cherniack, Andrew D. and Mina, Marco and Ciriello, Giovanni and Schultz, Nikolaus and {Caesar-Johnson}, Samantha J. and Demchok, John A. and Felau, Ina and Kasapi, Melpomeni and Ferguson, Martin L. and Hutter, Carolyn M. and Sofia, Heidi J. and Tarnuzzer},
  year = {2018},
  month = apr,
  volume = {23},
  pages = {172-180.e3},
  publisher = {{Elsevier}},
  issn = {2211-1247},
  doi = {10.1016/j.celrep.2018.03.046},
  file = {C\:\\Users\\cmc\\Zotero\\storage\\GUS55PNM\\Way_2018_Machine_Learning_Detects_Pan-cancer_Ras_Pathway_Activation_in_The_Cancer_Genome.pdf;C\:\\Users\\cmc\\Zotero\\storage\\J58D7QV6\\S2211-1247(18)30389-9.html},
  journal = {Cell Reports},
  keywords = {drug sensitivity,Gene expression,HRAS,KRAS,machine learning,NF1,NRAS,pan-cancer,Ras,TCGA},
  language = {English},
  number = {1},
  pmid = {29617658}
}

@article{zhangSubtypesHPVPositiveHead2016,
  title = {Subtypes of {{HPV}}-{{Positive Head}} and {{Neck Cancers Are Associated}} with {{HPV Characteristics}}, {{Copy Number Alterations}}, {{PIK3CA Mutation}}, and {{Pathway Signatures}}},
  author = {Zhang, Yanxiao and Koneva, Lada A. and Virani, Shama and Arthur, Anna E. and Virani, Alisha and Hall, Pelle B. and Warden, Charles D. and Carey, Thomas E. and Chepeha, Douglas B. and Prince, Mark E. and McHugh, Jonathan B. and Wolf, Gregory T. and Rozek, Laura S. and Sartor, Maureen A.},
  year = {2016},
  month = sep,
  volume = {22},
  pages = {4735--4745},
  publisher = {{American Association for Cancer Research}},
  issn = {1078-0432, 1557-3265},
  doi = {10.1158/1078-0432.CCR-16-0323},
  copyright = {\textcopyright{}2016 American Association for Cancer Research.},
  file = {C\:\\Users\\cmc\\Zotero\\storage\\Q4XCW975\\Zhang_2016_Subtypes_of_HPV-Positive_Head_and_Neck_Cancers_Are_Associated_with_HPV.pdf;C\:\\Users\\cmc\\Zotero\\storage\\36K738XX\\4735.html},
  journal = {Clin Cancer Res},
  language = {en},
  number = {18},
  pmid = {27091409}
}


