
@article{healthNucleicAcidBased2020,
  title = {Nucleic {{Acid Based Tests}}},
  author = {Health, Center for Devices {and} Radiological},
  year = {Mon, 05/11/2020 - 13:02},
  publisher = {{FDA}},
  file = {C\:\\Users\\cmc\\Zotero\\storage\\GCJA4NB8\\nucleic-acid-based-tests.html},
  journal = {FDA},
  language = {en}
}

@article{papouchadoSilverSituHybridization2010,
  title = {Silver {{In Situ Hybridization}} ({{SISH}}) {{For Determination}} of {{HER2 Gene Status}} in {{Breast Carcinoma}}: {{Comparison With FISH}} and {{Assessment}} of {{Interobserver Reproducibility}}},
  shorttitle = {Silver {{In Situ Hybridization}} ({{SISH}}) {{For Determination}} of {{HER2 Gene Status}} in {{Breast Carcinoma}}},
  author = {Papouchado, Bettina G. and Myles, Jonathan and Lloyd, Ricardo V. and Stoler, Mark and Oliveira, Andre M. and {Downs-Kelly}, Erinn and Morey, Adrienne and Bilous, Michael and Nagle, Ray and Prescott, Nichole and Wang, Lin and Dragovich, Lidija and McElhinny, Abigail and Garcia, Carole Ferrell and {Ranger-Moore}, Jim and Free, Heather and Powell, William and Loftus, Margaret and Pettay, James and Gaire, Fabien and Roberts, Christopher and Dietel, Manfred and Roche, Patrick and Grogan, Thomas and Tubbs, Raymond},
  year = {2010},
  month = jun,
  volume = {34},
  pages = {767--776},
  issn = {0147-5185},
  doi = {10.1097/PAS.0b013e3181d96231},
  file = {C\:\\Users\\cmc\\Zotero\\storage\\V7D52D7G\\Silver_In_Situ_Hybridization__SISH__For.2.html},
  journal = {The American Journal of Surgical Pathology},
  language = {en-US},
  number = {6}
}

@article{sahnanePyrosequencingEGFRMutation2013,
  title = {Pyrosequencing for {{EGFR Mutation Detection}}: {{Diagnostic Accuracy}} and {{Clinical Implications}}},
  shorttitle = {Pyrosequencing for {{EGFR Mutation Detection}}},
  author = {Sahnane, Nora and Gueli, Rossana and Tibiletti, Maria and Bernasconi, Barbara and Stefanoli, Michele and Franzi, Francesca and Pinotti, Graziella and Capella, Carlo and Furlan, Daniela},
  year = {2013},
  month = dec,
  volume = {22},
  pages = {196--203},
  issn = {1052-9551},
  doi = {10.1097/PDM.0b013e3182893f55},
  file = {C\:\\Users\\cmc\\Zotero\\storage\\9WI6QRAR\\00019606-201312000-00003.html},
  journal = {Diagnostic Molecular Pathology},
  language = {ENGLISH},
  number = {4},
  pmid = {24193003}
}


