
@article{friedmanRegularizationPathsGeneralized2010,
  title = {Regularization {{Paths}} for {{Generalized Linear Models}} via {{Coordinate Descent}}},
  author = {Friedman, Jerome and Hastie, Trevor and Tibshirani, Rob},
  year = {2010},
  volume = {33},
  pages = {1--22},
  issn = {1548-7660},
  file = {C\:\\Users\\cmc\\Zotero\\storage\\JP9U5H5Z\\Friedman ë“± - 2010 - Regularization Paths for Generalized Linear Models.pdf},
  journal = {J Stat Softw},
  number = {1},
  pmcid = {PMC2929880},
  pmid = {20808728}
}

@book{jacobsenCgdsrRbasedAPI2019,
  title = {Cgdsr: {{R}}-Based {{API}} for Accessing the {{MSKCC}} Cancer Genomics Data Server ({{CGDS}})},
  author = {Jacobsen, Anders and Luna, Augustin},
  year = {2019}
}

@book{kuhnRecipesPreprocessingTools2020,
  title = {Recipes: {{Preprocessing}} Tools to Create Design Matrices},
  author = {Kuhn, Max and Wickham, Hadley},
  year = {2020}
}

@book{kuhnTidymodelsEasilyInstall2020,
  title = {Tidymodels: {{Easily}} Install and Load the 'tidymodels' Packages},
  author = {Kuhn, Max and Wickham, Hadley},
  year = {2020}
}

@article{samurRTCGAToolboxNewTool2014,
  title = {{{RTCGAToolbox}}: A New Tool for Exporting {{TCGA Firehose}} Data},
  author = {Samur, Mehmet Kemal},
  year = {2014},
  volume = {9(9):e106397},
  journal = {PLoS One}
}


